@article{languagesupport,
    author = {Google},
    title = {OCR Language Support},
    link ={https://cloud.google.com/vision/docs/languages}
}

@article{OCRsource,
    author = {Google},
    title = {Optical Character Recognition (OCR)},
    link ={https://cloud.google.com/vision/docs/ocr}
}


@article{handwritingOCR,
    author = {Google},
    title = {Handwriting detection with Optical Character Recognition (OCR)},
    link ={https://cloud.google.com/vision/docs/handwriting}
}

@article{altAmpersand,
    author = {Richard J. Barbalace},
    title = {File:Epsilon Ampersand.png},
    journal = {Wikipedia},
    year = {2012},
    link = {https://commons.wikimedia.org/wiki/File:Epsilon_Ampersand.png}
}


@article{AIclimate,
    author = {Joseph B. Keller, Manann Donoghoe, and Andre M. Perry},
    title = {The US must balance climate justice challenges in the era of artificial intelligence},
    journal = {Brookings},
    year = {2024},
    link = {https://www.brookings.edu/articles/the-us-must-balance-climate-justice-challenges-in-the-era-of-artificial-intelligence/#:~:text=Despite%20their%20operation%20in%20a,form%2C%20through%20rising%20energy%20demands.}
}

@article{swahili,
    author = {Alice Berry},
    title = {They Learn Swahili. The Community Reaps the Rewards},
    journal = {University Communications},
    year = {2024},
    link = {https://as.virginia.edu/they-learn-swahili-community-reaps-rewards}
}

@article{inuit,
    author = {Richard Compton},
    title = {Inuktitut},
    journal = {The Canadian Encyclopedia},
    year = {2016},
    link = {https://www.thecanadianencyclopedia.ca/en/article/inuktitut}
}